@inproceedings{autograder,
	Author = {Rishabh Singh and Sumit Gulwani and Armando Solar{-}Lezama},
	Booktitle = {{ACM} {SIGPLAN} Conference on Programming Language Design and Implementation, {PLDI} '13, Seattle, WA, USA, June 16-19, 2013},
	Pages = {15--26},
	Title = {Automated feedback generation for introductory programming assignments},
	Year = {2013}}
	
@inproceedings{geometry,
	Author = {Sumit Gulwani and Vijay Anand Korthikanti and Ashish Tiwari},
	Booktitle = {Proceedings of the 32nd {ACM} {SIGPLAN} Conference on Programming Language Design and Implementation, {PLDI} 2011, San Jose, CA, USA, June 4-8, 2011},
	Pages = {50--61},
	Title = {Synthesizing geometry constructions},
	Year = {2011}}

@inproceedings{jurkovic,
	Address = {New York, NY, USA},
	Author = {Jurkovic, Neven},
	Booktitle = {Proceedings of the 2001 International Symposium on Symbolic and Algebraic Computation},
	Isbn = {1-58113-417-7},
	Location = {London, Ontario, Canada},
	Pages = {195--200},
	Publisher = {ACM},
	Series = {ISSAC '01},
	Title = {Diagnosing and Correcting Student's Misconceptions in an Educational Computer Algebra System},
	Year = {2001}}

@inproceedings{javablanks,
	Author = {Funabiki, N. and Korenaga, Y. and Nakanishi, T. and Watanabe, K.},
	Booktitle = {Humanitarian Technology Conference (R10-HTC), 2013 IEEE Region 10},
	Month = {Aug},
	Pages = {85-90},
	Title = {An extension of fill-in-the-blank problem function in Java programming learning assistant system},
	Year = {2013}}

@inproceedings{algebra,
	Author = {Rohit Singh and Sumit Gulwani and Sriram K. Rajamani},
	Booktitle = {Proceedings of the Twenty-Sixth {AAAI} Conference on Artificial Intelligence, July 22-26, 2012, Toronto, Ontario, Canada.},
	Title = {Automatically Generating Algebra Problems},
	Year = {2012}}